601 784
50 50 550 78 Lorem ipsum dolor sit amet, consectetur
50 83 549 114 adipiscing elit. Pellentesque interdum eu
50 120 549 148 libero at tincidunt. Vestibulum ante
50 154 548 184 ipsum primis in faucibus orci luctus et
50 189 548 218 ultrices posuere cubilia Curae; Sed vitae
50 224 550 255 ullamcorper ligula. Curabitur at quam
50 262 547 291 malesuada, pellentesque augue ut,
50 296 550 326 accumsan lectus. Integer eu ligula erat.
50 332 550 362 Class aptent taciti sociosqu ad litora
50 367 550 399 torquent per conubia nostra, per inceptos
50 404 550 432 himenaeos. Ut elementum hendrerit
50 437 353 462 risus accumsan molestie.
50 467 549 499 Curabitur eget massa ac purus porta
50 505 549 535 mollis quis vel justo. Duis lorem lorem,
50 540 549 565 tincidunt ac elementum a, convallis sit
50 571 548 600 amet eros. Vivamus laoreet magna elit,
50 605 549 633 vel elementum lacus tempor non.
50 639 549 668 Suspendisse faucibus maximus porta.
50 673 549 699 Fusce accumsan condimentum enim nec
50 704 549 733 rhoncus. Sed et turpis quis massa congue
